@misc{SEDS,
    title        = {The Messier catalog},
    author       = {Messier},
    note = {\url{http://www.messier.seds.org}},
    publisher = {SEDS}
}
@misc{list21,
    title        = {List of 21 "Nebulae"},
    author       = {De Chéseaux},
    note = {\url{http://www.messier.seds.org/xtra/similar/deches_o.html} Translation to english by HF},
    publisher = {SEDS}
}
@book{Mellot1915,
    title = {A catalogue of star clusters shown on the Franklin-Adams chart plates.},
    author = {Per Mellot},
    year = {1915},
    publisher= {Memoirs of the Royal Astronomical Society, Vol. 60, pp. 175-186}
}
@book{Shapley1930,
    title = {Star Clusters},
    author = {Harlow Shapley},
    year = {1930},
    publisher= {Harvard Observatory Monographs, No. 2. New York}
}
@book{Hogg1947,
    title = {A Bibliography of Individual Globular Clusters},
    author = {Helen B. Sawyer Hogg},
    year = {1947},
    publisher= {The University of Toronto Press. [ADS: 1947PDDO....1..383S]}
}
@book{Hogg1959,
    title = {Star Clusters},
    author = {Helen B. Sawyer Hogg},
    year = {1959},
    publisher= {In: S. Flügge (ed.), Handbuch der Physik [Encyclopedia of Physics], Vol. LIII (53): Astrophysik IV: Sternsysteme [Astrophysics IV: Stellar Systems], pp. 129-207. [ADS: 1959HDP....53..129S]}
}
@misc{Baumgardt2023,
    title = {Fundamental parameters of Galactic globular clusters},
    author = {Holger Baumgardt AND Antonio Sollima AND Michael Hilker AND Andrea Bellini AND Eugene Vasiliev AND Vincent Henault-Brunet AND Nolan Dickson},
    year = {2023},
    note = {\url{https://people.smp.uq.edu.au/HolgerBaumgardt/globular}}
}